<record><leader>00000cas a2200000 a 4500</leader><controlfield tag="001">30636639</controlfield><controlfield tag="007">hd bfu---baat</controlfield><controlfield tag="007">hd afu---bact</controlfield><controlfield tag="008">940621d19231950nbucr nea     0    0eng c</controlfield><datafield ind1=" " ind2=" " tag="010"><subfield code="a">sn 94055314 </subfield></datafield><datafield ind1=" " ind2=" " tag="040"><subfield code="a">NVG</subfield><subfield code="b">eng</subfield><subfield code="c">NVG</subfield><subfield code="d">OCLCQ</subfield><subfield code="d">OCLCF</subfield><subfield code="d">OCLCO</subfield></datafield><datafield ind1="1" ind2=" " tag="029"><subfield code="a">AU@</subfield><subfield code="b">000025890633</subfield></datafield><datafield ind1=" " ind2=" " tag="042"><subfield code="a">pcc</subfield></datafield><datafield ind1=" " ind2=" " tag="043"><subfield code="a">n-us-nb</subfield></datafield><datafield ind1="0" ind2="0" tag="245"><subfield code="a">Alliance times and herald</subfield><subfield code="h">[microform].</subfield></datafield><datafield ind1="1" ind2="3" tag="246"><subfield code="a">Times and herald</subfield></datafield><datafield ind1="1" ind2="3" tag="246"><subfield code="a">Alliance times-herald</subfield></datafield><datafield ind1=" " ind2=" " tag="260"><subfield code="a">Alliance, Neb. :</subfield><subfield code="b">Ben J. Sallows,</subfield><subfield code="c">1923-1950.</subfield></datafield><datafield ind1=" " ind2=" " tag="300"><subfield code="a">v.</subfield></datafield><datafield ind1=" " ind2=" " tag="310"><subfield code="a">Semiweekly</subfield></datafield><datafield ind1="0" ind2=" " tag="362"><subfield code="a">May 1, 1923-July 28, 1950.</subfield></datafield><datafield ind1=" " ind2=" " tag="533"><subfield code="a">Microfilm.</subfield><subfield code="m">May 1,1923-July 28,1950:[Gaps]</subfield><subfield code="b">Lincoln, Neb. :</subfield><subfield code="c">Nebraska State Historical Society.</subfield><subfield code="e">44 microfilm reels ; 35 mm.</subfield></datafield><datafield ind1=" " ind2="0" tag="651"><subfield code="a">Box Butte County (Neb.)</subfield><subfield code="v">Newspapers.</subfield></datafield><datafield ind1=" " ind2="0" tag="651"><subfield code="a">Alliance (Neb.)</subfield><subfield code="v">Newspapers.</subfield></datafield><datafield ind1=" " ind2="7" tag="655"><subfield code="a">Newspapers.</subfield><subfield code="2">fast</subfield><subfield code="0">(OCoLC)fst01423814</subfield></datafield><datafield ind1=" " ind2="7" tag="651"><subfield code="a">Nebraska</subfield><subfield code="z">Alliance.</subfield><subfield code="2">fast</subfield><subfield code="0">(OCoLC)fst01209586</subfield></datafield><datafield ind1=" " ind2="7" tag="651"><subfield code="a">Nebraska</subfield><subfield code="z">Box Butte County.</subfield><subfield code="2">fast</subfield><subfield code="0">(OCoLC)fst01210955</subfield></datafield><datafield ind1=" " ind2=" " tag="752"><subfield code="a">United States</subfield><subfield code="b">Nebraska</subfield><subfield code="c">Box Butte</subfield><subfield code="d">Alliance.</subfield></datafield><datafield ind1="0" ind2="0" tag="780"><subfield code="t">Alliance semi-weekly times and the Alliance herald</subfield><subfield code="w">(DLC)sn 94055313</subfield></datafield><datafield ind1="0" ind2="0" tag="785"><subfield code="t">Alliance daily times-herald</subfield><subfield code="w">(DLC)sn 94055317</subfield></datafield></record>